@misc{floref1,
  title = {My wiki},
  author = {Florian Ecard},
  howpublished = {\url{https://www.os3.nl/2014-2015/students/florian_ecard/essential_skills/federated_wiki}},
  note = {Accessed: September 2015}
}
@misc {floref2,
	author = {Indie Web Camp},
	title = {What is IndieWeb?},
	howpublished = {\url{http://indiewebcamp.com/}},
	note = {Accessed: September 2015}
}
@misc {floref3,
	author = {Wikipedia},
	title = {Wiki},
	howpublished = {\url{https://en.wikipedia.org/wiki/Wiki}},
	note = {Accessed: September 2015}
}
@ARTICLE {JJG:AJAX,
    author  = {Jesse James Garrett},
    title   = {Ajax: A New Approach to Web Applications},
    journal = {Adaptive Path},
    year    = {2005},
    month   = {February}
}
@MISC {MDN:XML,
    author = {Mozilla Developer Network},
    title  = {XMLHttpRequest},
    month  = {September},
    year   = {2015},
   	howpublished = {\url{https://developer.mozilla.org/en-US/docs/Web/API/XMLHttpRequest}}
}
@MISC {JJG:Photo,
    author = {Jesper RÃ¸nn-Jensen},
    title  = {Photo of Jesse James Garrett},
    month  = {May},
    year   = {2006},
    howpublished = {\url{http://www.jjg.net/about/images/jjg-cph.jpg}}
}
@MISC {Wiki:XML,
    author = {Wikipedia},
    title  = {XMLHttpRequest},
    month  = {September},
    year   = {2015},
    howpublished = {\url{https://en.wikipedia.org/wiki/XMLHttpRequest}}
}
@MISC {Google:maps,
    author = {Google},
    title  = {Google Maps},
    month  = {September},
    year   = {2015},
    howpublished = {\url{https://maps.google.com}}
}
@MISC {W3C:XML,
    author = {W3C},
    title  = {XMLHttpRequest Level 1},
    month  = {Janauary},
    year   = {2014},
    howpublished = {\url{http://www.w3.org/TR/XMLHttpRequest/}}
}
